<?xml version="1.0" encoding="UTF-8"?><collection xmlns="http://www.loc.gov/MARC21/slim"><record><leader>00572nam--2200169-i-4500</leader><controlfield tag="001">000008515</controlfield><controlfield tag="002">20161230</controlfield><controlfield tag="005">20161230201027</controlfield><controlfield tag="008">060222s1000------------r-----000-0-eng-d</controlfield><datafield ind1=" " ind2=" " tag="040"><subfield code="a">IFIN-HH</subfield></datafield><datafield ind1=" " ind2=" " tag="080"><subfield code="a">538.22</subfield></datafield><datafield ind1="1" ind2=" " tag="100"><subfield code="a">Anderson Jr., Frank Burr</subfield></datafield><datafield ind1="1" ind2="0" tag="245"><subfield code="a">Statitstical mechanics and phase transitions in antiferromagnetics, and diagrammatic summition in the paramagnetic phase</subfield><subfield code="b">Dissertation</subfield><subfield code="c">Frank burr anderson jr</subfield></datafield><datafield ind1=" " ind2=" " tag="260"><subfield code="a">Ann Arbor, Michigan</subfield><subfield code="b">University Microfilms, Inc</subfield><subfield code="c">1964</subfield></datafield><datafield ind1=" " ind2=" " tag="300"><subfield code="a">128P</subfield></datafield><datafield ind1=" " ind2=" " tag="852"><subfield code="a">32274</subfield><subfield code="c">538.221</subfield></datafield><datafield ind1=" " ind2=" " tag="CAT"><subfield code="a">Sys</subfield><subfield code="c">20110919</subfield><subfield code="h">095749</subfield></datafield></record></collection>